@Book{SaaSchTue97,
  author       = "G. Saake and I. Schmitt and C. Türker",
  title        = "{Objektdatenbanken --- Konzepte, Sprachen,
                   Architekturen}",
  publisher    = "International Thomson Publishing",
  address      = "Bonn",
  year         = "1997",
  isbn         = "3-8266-0258-7",
}

@TechReport{SchTueSaa98preprint,
  author       = "K. Schwarz and C. Türker and G. Saake",
  title        = "{Specifying Advanced Transaction Models as Transaction
                   Closures with Special Transaction Dependency Combinations}",
  institution  = "{Fakult{\"a}t f{\"u}r Informatik, Universit{\"a}t
                   Magdeburg}",
  type         = "Preprint",
  number       = "5",
  month        = feb,
  year         = "1998",
}

@InProceedings{TueConSaa96ismis,
  author       = "C. Türker and S. Conrad and G. Saake",
  title        = "{Dynamically Changing Behavior: An Agent-Oriented View
                   to Modeling Intelligent Information Systems}",
  booktitle    = "{Foundations of Intelligent Systems, Proc. of the 9th
                   Int. Symposium on Methodologies for Intelligent
                   Systems, ISMIS'96, Zakopane, Poland}",
  editor       = "Z. W. Ra{\'s} and M. Michalewicz",
  series       = "Lecture Notes in Artificial Intelligence",
  volume       = "1079",
  publisher    = "Springer-Verlag",
  address      = "Berlin",
  pages        = "572--581",
  month        = jun,
  year         = "1996",
  isbn         = "3-540-61286-6",
}



@misc{Wegner16,
	author = {L. Wegner},
	title = "{Ratgeber für die gute Abschlussarbeit}",
	howpublished = "Universität Kassel",
	year = "2009",
	note = "{Online unter: \url{https://www.uni-kassel.de/eecs/fileadmin/datas/fb16/Zentrale_Ebene/Studienservice/Gem.Dokumente/RatgeberAbschlussarbeit.pdf} (abgerufen am 2016-10-24)}",
}

@misc{Wegner_engl16,
	author = {L. Wegner},
	title = "{Ratgeber für die gute Abschlussarbeit}",
	howpublished = "Universität Kassel",
	year = "2009",
	note = "{Online available: \url{https://www.uni-kassel.de/eecs/fileadmin/datas/fb16/Zentrale_Ebene/Studienservice/Gem.Dokumente/RatgeberAbschlussarbeit.pdf} (accessed on  2016-10-24)}",
}

